<record><leader>00000cas a22000007a 4500</leader><controlfield tag="001">9927849</controlfield><controlfield tag="008">830920d18601922nyuwr ne      0    0eng d</controlfield><controlfield tag="009">3781</controlfield><datafield ind1=" " ind2=" " tag="010"><subfield code="a">sn 83031619 </subfield></datafield><datafield ind1=" " ind2=" " tag="040"><subfield code="a">NPU</subfield><subfield code="b">eng</subfield><subfield code="c">NPU</subfield><subfield code="d">NPY</subfield><subfield code="d">NPX</subfield><subfield code="d">NYS</subfield><subfield code="d">OCL</subfield><subfield code="d">OCLCF</subfield><subfield code="d">OCLCO</subfield></datafield><datafield ind1=" " ind2=" " tag="042"><subfield code="a">msc</subfield></datafield><datafield ind1="0" ind2=" " tag="130"><subfield code="a">Seneca Falls reveille (Seneca Falls, N.Y. : 1860)</subfield></datafield><datafield ind1="0" ind2="4" tag="245"><subfield code="a">The Seneca Falls reveille.</subfield></datafield><datafield ind1=" " ind2=" " tag="260"><subfield code="a">Seneca Falls, N.Y. :</subfield><subfield code="b">Stowell &amp; Heath,</subfield></datafield><datafield ind1=" " ind2=" " tag="300"><subfield code="a">v. :</subfield><subfield code="b">ill. ;</subfield><subfield code="c">62-71 cm.</subfield></datafield><datafield ind1=" " ind2=" " tag="310"><subfield code="a">Weekly</subfield></datafield><datafield ind1="0" ind2=" " tag="362"><subfield code="a">Vol. 6, no. 25 (June 23, 1860)-v. 68, no. 47 (Oct. 27, 1922).</subfield></datafield><datafield ind1=" " ind2=" " tag="500"><subfield code="a">Publishers: Stowell &amp; Heath, &lt;1860&gt;; Henry Stowell, &lt;1894&gt;; E.D. Clark, &lt;1918&gt;-1922.</subfield></datafield><datafield ind1=" " ind2=" " tag="500"><subfield code="a">"Democratic," &lt;1876&gt;.</subfield></datafield><datafield ind1=" " ind2=" " tag="500"><subfield code="a">Editor: Henry Stowell, &lt;1876&gt;, E.D. Clark,     -1922.</subfield></datafield><datafield ind1=" " ind2="0" tag="651"><subfield code="a">Seneca Falls (N.Y.)</subfield><subfield code="v">Newspapers.</subfield></datafield><datafield ind1=" " ind2="7" tag="655"><subfield code="a">Newspapers.</subfield><subfield code="2">fast</subfield><subfield code="0">(OCoLC)fst01423814</subfield></datafield><datafield ind1=" " ind2="7" tag="651"><subfield code="a">New York (State)</subfield><subfield code="z">Seneca Falls.</subfield><subfield code="2">fast</subfield><subfield code="0">(OCoLC)fst01202989</subfield></datafield><datafield ind1=" " ind2=" " tag="752"><subfield code="a">United States</subfield><subfield code="b">New York</subfield><subfield code="c">Seneca</subfield><subfield code="d">Seneca Falls.</subfield></datafield><datafield ind1="0" ind2="0" tag="780"><subfield code="t">American reveille</subfield><subfield code="w">(DLC)sn 85027075</subfield></datafield><datafield ind1="0" ind2="7" tag="785"><subfield code="t">Seneca County standard</subfield></datafield><datafield ind1="0" ind2="7" tag="785"><subfield code="t">Seneca Falls reveille.  And Seneca County standard</subfield><subfield code="w">(OCoLC)21924663</subfield></datafield></record>